<record><leader>00000cas a22000007a 4500</leader><controlfield tag="001">27436539</controlfield><controlfield tag="008">930215d18871889nyudn ne      0    0eng d</controlfield><controlfield tag="009">550</controlfield><datafield ind1=" " ind2=" " tag="010"><subfield code="a">sn 93063566 </subfield></datafield><datafield ind1=" " ind2=" " tag="040"><subfield code="a">NYS</subfield><subfield code="b">eng</subfield><subfield code="c">NYS</subfield><subfield code="d">OCLCQ</subfield><subfield code="d">OCLCF</subfield><subfield code="d">OCLCO</subfield></datafield><datafield ind1=" " ind2=" " tag="042"><subfield code="a">msc</subfield></datafield><datafield ind1="0" ind2=" " tag="130"><subfield code="a">Oswego palladium (Oswego, N.Y. : 1887)</subfield></datafield><datafield ind1="0" ind2="0" tag="245"><subfield code="a">Oswego palladium.</subfield></datafield><datafield ind1="1" ind2="3" tag="246"><subfield code="a">Daily palladium</subfield></datafield><datafield ind1="1" ind2="3" tag="246"><subfield code="a">Palladium</subfield></datafield><datafield ind1=" " ind2=" " tag="260"><subfield code="a">Oswego, N.Y. :</subfield><subfield code="b">Palladium Print. Co.,</subfield><subfield code="c">1887-1889.</subfield></datafield><datafield ind1=" " ind2=" " tag="300"><subfield code="a">v.</subfield></datafield><datafield ind1=" " ind2=" " tag="310"><subfield code="a">Daily (except Sunday)</subfield></datafield><datafield ind1="0" ind2=" " tag="362"><subfield code="a">Sept. 1, 1887- ; -v. 25, no. 300 (Jan. 2, 1889).</subfield></datafield><datafield ind1=" " ind2="0" tag="651"><subfield code="a">Oswego (N.Y.)</subfield><subfield code="v">Newspapers.</subfield></datafield><datafield ind1=" " ind2="0" tag="651"><subfield code="a">Oswego County (N.Y.)</subfield><subfield code="v">Newspapers.</subfield></datafield><datafield ind1=" " ind2="7" tag="655"><subfield code="a">Newspapers.</subfield><subfield code="2">fast</subfield><subfield code="0">(OCoLC)fst01423814</subfield></datafield><datafield ind1=" " ind2="7" tag="651"><subfield code="a">New York (State)</subfield><subfield code="z">Oswego.</subfield><subfield code="2">fast</subfield><subfield code="0">(OCoLC)fst01212851</subfield></datafield><datafield ind1=" " ind2="7" tag="651"><subfield code="a">New York (State)</subfield><subfield code="z">Oswego County.</subfield><subfield code="2">fast</subfield><subfield code="0">(OCoLC)fst01208853</subfield></datafield><datafield ind1=" " ind2=" " tag="752"><subfield code="a">United States</subfield><subfield code="b">New York</subfield><subfield code="c">Oswego</subfield><subfield code="d">Oswego.</subfield></datafield><datafield ind1="0" ind2=" " tag="775"><subfield code="t">Oswego weekly palladium</subfield><subfield code="w">(DLC)sn 85026892</subfield><subfield code="w">(OCoLC)12726806</subfield></datafield><datafield ind1="0" ind2="0" tag="780"><subfield code="t">Oswego daily palladium (Oswego, N.Y. : 1851)</subfield><subfield code="w">(DLC)sn 83031421</subfield><subfield code="w">(OCoLC)9880088</subfield></datafield><datafield ind1="0" ind2="0" tag="785"><subfield code="t">Oswego daily palladium (Oswego, N.Y. : 1889)</subfield><subfield code="w">(DLC)sn 930</subfield><subfield code="w">(OCoLC)27436540</subfield></datafield></record>